2566 4776
54 290 59 295 ’
135 312 138 317 ’
254 366 257 371 .
332 284 625 383 {vasconum
663 314 886 386 ata.xv1.
1069 320 1150 409 485

68 492 245 571 turiferis
269 448 794 591 tandem'l’hoenix'depuisus
820 497 864 570 ab
890 502 997 575 aruis.
1100 524 1148 595 25
1191 477 1194 481 ¹

69 601 146 672 lam
176 600 306 690 Mago,
341 618 472 673 exutus
499 600 635 682 castris,
666 601 823 692 agitante
846 604 980 693 pauore
1023 678 1027 683 .
1210 638 1213 645 ·

66 702 117 799 ln,
140 701 288 792 Libyam
312 724 464 797 propero
486 699 633 777 tramifit
657 702 799 775 caerula
824 702 920 777 velo.

669 801 801 896 aa,
891 858 897 875 .
1013 765 1244 925 rica?

63 1013 123 1069 nito
136 1010 244 1082 quidem
259 1011 360 1065 latiore.
410 1023 455 1080 27·
474 1013 528 1065 Poll
540 1013 609 1067 huuc
623 1012 721 1067 versum
736 1008 823 1069 beleb.
839 1028 871 1065 ex
891 1014 1039 1068 Petrarebae
1057 1014 1149 1073 Africa

62 1087 180 1136 XXXlV.
196 1084 260 1137 alias
274 1081 396 1143 inseruit,
424 1101 489 1152 quos
507 1080 631 1137 Siliiell'e
652 1100 743 1154 putat,
762 1098 789 1136 at
803 1085 830 1135 h.
845 1084 864 1136 l.
883 1085 1037 1153 aptissimos,
1062 1100 1147 1157 quum
1178 1082 1181 1089 “

63 1159 146 1223 Mago
161 1170 217 1211 uun
227 1154 331 1210 redierit
347 1155 375 1204 in
390 1152 523 1214 Africam,
541 1155 582 1208 sed
596 1170 671 1209 antee
686 1170 805 1208 mortuus
820 1153 860 1206 sit.
892 1158 930 1207 At
942 1160 1043 1220 tramifi't
1056 1172 1148 1214 tannen

64 1232 100 1297 in·
111 1228 227 1293 Libyam,
254 1223 312 1278 etli'
324 1241 381 1280 nou
397 1224 497 1299 adpulit
510 1242 538 1279 et
558 1226 660 1281 tursum
685 1225 800 1299 perfecit.
824 1243 848 1278 r.
865 1240 922 1279 not.
939 1241 966 1279 et
987 1227 1018 1279 de
1035 1229 1081 1282 illo
1095 1228 1146 1311 sta·

500 1326 506 1335 -
1032 1315 1144 1371 gmenta
1189 1348 1200 1375 ,

62 1438 198 1549 blemata
210 1458 364 1545 etic'euas
375 1432 575 1563 insigniores,
592 1448 604 1471 Ἴ
631 1479 794 1629 poeticum
819 1444 1002 1558 admittunt,
1029 1480 1143 1564 seligit,

62 1586 158 1651 quara
177 1564 343 1637 absolutam
365 1567 574 1629 narrationem
643 1565 770 1628 euiores
795 1576 900 1629 autern
933 1566 985 1629 vel
1014 1564 1142 1633 comm

60 1648 227 1725 exhibeatt
243 1650 318 1715 Ern.
342 1650 574 1730 Duplesetiam
630 1651 783 1732 adtingit,
818 1649 868 1715 vei
894 1650 986 1733 plane
1005 1664 1140 1734 praeter·
1249 1704 1267 1735 s

60 1736 158 1807 Silius
178 1736 333 1823 proeiiptn
354 1735 476 1809 statuit,
499 1735 572 1799 alte·
622 1735 725 1800 mittit
751 1733 883 1798 silentio.
932 1735 1016 1800 Hinc
1045 1737 1141 1801 etiam

59 1840 131 1897 rum
161 1840 233 1884 cum
256 1816 412 1903 Magone,
442 1820 572 1891 aiterum
630 1822 779 1903 Magonis
800 1819 884 1883 sorte
900 1838 966 1883 uon
987 1819 1138 1884 meminis·
1252 1856 1258 1869 =

59 1902 134 1981 cuia
159 1904 333 1972 Hannon'e'
354 1903 572 1983 commissum,
628 1903 690 1978 set,
711 1902 766 1969 nifi
787 1903 815 1967 ia
838 1922 964 1987 quoque
981 1890 1159 1969 Harinibav
1244 1968 1252 1987 ,

58 1990 172 2059 Liuius
196 2008 273 2053 vero
296 1976 520 2064 tiuitxvttt,
544 2010 571 2054 t.
628 1989 667 2055 lis
685 1976 786 2052 suisset
808 1987 919 2062 stateo,
948 2000 981 2053 vt
999 1982 1136 2055 Hasdru·
1184 1996 1193 2009 “

58 2074 412 2149 refertsflannouem,
449 2094 571 2141 nouum
626 2073 686 2138 bal.
716 2073 756 2135 cf.
775 2071 813 2135 ad
833 2095 858 2136 v.
881 2079 928 2157 28,
971 2074 1137 2157 Postquam

57 2159 300 2243 imperatorem,
319 2160 354 2221 in
373 2159 478 2220 locam
492 2160 570 2225 Has·
625 2161 730 2241 itaque
742 2155 906 2239 insignem,
926 2176 1005 2239 quae
1021 2160 1135 2224 Roma·

57 2243 197 2311 drubalis
216 2243 338 2309 Barcini
358 2245 477 2313 recenti
498 2264 570 2306 cum
591 2282 601 2317 ν,
624 2260 740 2307 norum
775 2254 888 2327 coepta
915 2241 1078 2315 adiuuiffet
1101 2247 1136 2309 in

56 2328 200 2395 exercstu
218 2349 258 2390 ex
273 2326 381 2392 Africa
401 2326 568 2411 transgrei-
625 2324 731 2400 lt'alia,
752 2324 911 2391 somunatn'
933 2310 1014 2400 libro
1033 2327 1135 2412 super.

57 2413 147 2487 sum,
188 2431 265 2482 cum
301 2415 441 2494 Magone
476 2412 571 2483 castra
626 2406 838 2493 descripserat,
858 2431 941 2474 nunc
954 2415 996 2475 ita
1010 2415 1162 2495 pergite,

57 2493 210 2572 iunxiffe,
226 2496 416 2580 'eodemque
444 2498 570 2581 proelio
626 2498 818 2564 biec=tamen
837 2496 871 2560 in
889 2492 1043 2581 Ausonia,
1071 2500 1133 2562 ita·
1160 2496 1164 2507 '

57 2592 225 2665 utrumque
244 2581 356 2644 ducam
376 2582 570 2649 alls.Silano
624 2583 698 2657 lia,
724 2589 846 2643 tantum
877 2598 928 2644 rea
954 2582 1135 2647 felicitare

56 2662 112 2741 sub
134 2662 275 2747 auspiciis
302 2664 461 2748 Scipionis
483 2668 571 2731 deui-
624 2663 844 2741 Dardanidis,
870 2664 902 2743 b,
920 2686 948 2727 e.
970 2666 1134 2741 Romania,

56 2749 146 2821 &aaa
164 2746 272 2827 suisse;
290 2749 386 2814 Drak.
422 2753 500 2816 Meo
512 2770 570 2834 po-
624 2750 829 2834 gerebantur,
849 2748 1009 2815 sedetiam
1028 2752 1063 2815 in
1077 2751 1133 2818 Hl-

54 2835 122 2899 tius
134 2834 351 2918 qualicumque
366 2834 482 2900 iudicio
503 2854 569 2900 ver·
624 2837 745 2919 spania,
775 2835 858 2901 vnde
881 2853 958 2898 mox
976 2837 1133 2919 pelleban·
1261 2838 1265 2845 “

34 2917 110 2983 sus
126 2938 231 2996 ²³.·27
247 2918 397 3007 'vnioerse
415 2931 515 3008 agunt
528 2921 569 2983 de
624 2929 676 2985 tur
704 2916 871 2983 Phoenices
897 2919 929 2982 h.
957 2940 986 2984 e.
1017 2921 1132 2996 Poeni,

54 3001 186 3073 aduersa
215 3002 348 3091 *surmus
375 3005 568 3080 Poenorum,
598 3014 777 3089 ‘'quornmr
793 3022 865 3093 pgrs
891 3005 970 3068 adeo
996 3024 1066 3075 non
1087 3007 1133 3093 ita

53 3106 96 3151 ex
118 3084 266 3171 Hispania
286 3108 306 3151 a
325 3087 475 3170 Scipione
500 3089 582 3173 pub·
624 3088 853 3172 scitopolim
867 3086 973 3153 senatu
986 3090 1136 3173 carthag.

52 3171 180 3246 sorum,
207 3190 313 3267 quam,
329 3170 441 3241 dein'de
471 3184 568 3258 poeta
623 3174 906 3256 agitanteputtore,
924 3193 1018 3257 quem
1035 3177 1066 3238 ei
1082 3177 1133 3238 ad·
1247 3226 1250 3231 .

51 3254 232 3339 adentatiua
256 3258 408 3341 exponit,
442 3270 476 3323 et
501 3258 567 3343 qui·
624 3268 735 3339 ventus
768 3255 927 3340 Scipionis
958 3258 1133 3334 incusserat,

50 3340 128 3419 dean
141 3343 197 3423 ita,
209 3340 422 3427 thannonis
433 3352 567 3416 tantum,
621 3340 802 3416 iu'Asricam
816 3343 957 3407 traiicere
970 3344 1136 3418 iubebatur

49 3432 130 3510 pro·
146 3425 341 3508 Hasdrubale
370 3428 462 3492 caeio
485 3426 566 3491 tsub.
622 3448 695 3498 cum
711 3427 852 3508 Magone
874 3430 974 3503 duce,
999 3430 1134 3512 quitum

50 3508 172 3587 nimo,
227 3511 423 3575 mentionem
460 3510 566 3585 faciat,
622 3513 806 3584 anomalis
820 3513 852 3575 in
870 3532 950 3594 agro
968 3514 1135 3578 Gallorum

10 3594 12 3600 ’
74 3592 319 3658 uemadmodum
357 3596 451 3659 ctiam
483 3596 565 3659 libro.
619 3596 796 3663 Insubrium
821 3596 922 3666 vitius
943 3609 1011 3661 erat
1031 3609 1063 3662 et
1085 3616 1135 3659 ca·

49 3613 127 3751 sivss
142 3674 241 3759 solum
250 3679 485 3757 Hasdrubalem,
497 3700 564 3745 non
594 3750 597 3755 ,
646 3683 694 3744 ris
709 3690 841 3751 exutuss
870 3683 910 3744 de
933 3700 999 3765 quo
1017 3684 1133 3748 v.»Liv.

13 3800 25 3811 -
51 3770 87 3827 et
103 3762 245 3845 reliquos
263 3766 443 3830 Poenorum
457 3765 566 3842 duces,
684 3765 725 3840 X,
749 3770 795 3828 18.
816 3784 863 3844 ¹9·
893 3763 978 3834 Nam'
992 3778 1059 3833 tum
1080 3768 1132 3830 de·

49 3844 237 3931 respexerat.
267 3847 363 3915 Silius
376 3850 472 3923 enim,
487 3867 564 3933 poe·
619 3868 707 3917 mum
721 3853 821 3932 Mago
840 3850 1014 3932 inLibyam
1027 3861 1132 3915 trans-

49 3942 152 3995 tarum
180 3946 289 4008 more,
320 3933 497 3996 constanter
515 3953 565 3999 rea
619 3933 717 4018 misti,
733 3955 803 3999 aneo
826 3937 869 4005 ‚de
889 3936 948 3999 alia
970 3938 1039 4021 eius
1056 3936 1133 4019 suga

47 4016 239 4105 gt'auiorea,
256 4036 398 4104 quaeque
418 4028 564 4113 ornatum
620 4021 802 4103 vesproeiio
817 4021 1023 4105 cogitandum
1038 4022 1091 4086 est.
1206 4030 1210 4037 '

991 4152 1001 4268 μ’
1042 4175 1132 4264 28sq.
